@article{Luo2021,
   author = {Luo, Zirui and Yao, Bin and Yang, Xiao and Wang, Lingqing and Xu, Zhangyi and Yan, Xiulan and Tian, Lin and Zhou, Hao and Zhou, Yaoyu},
   title = {Novel insights into the adsorption of organic contaminants by biochar: A review},
   journal = {Chemosphere},
   pages = {132113},
   ISSN = {0045-6535},
   year = {2021},
   type = {Journal Article}
}

@article{Raheem2018,
   author = {Raheem, Abdul and Sikarwar, Vineet Singh and He, Jun and Dastyar, Wafa and Dionysiou, Dionysios D and Wang, Wei and Zhao, Ming},
   title = {Opportunities and challenges in sustainable treatment and resource reuse of sewage sludge: a review},
   journal = {Chemical Engineering Journal},
   volume = {337},
   pages = {616-641},
   ISSN = {1385-8947},
   year = {2018},
   type = {Journal Article}
}

@article{Ahmad2014,
   author = {Ahmad, Mahtab and Rajapaksha, Anushka Upamali and Lim, Jung Eun and Zhang, Ming and Bolan, Nanthi and Mohan, Dinesh and Vithanage, Meththika and Lee, Sang Soo and Ok, Yong Sik},
   title = {Biochar as a sorbent for contaminant management in soil and water: a review},
   journal = {Chemosphere},
   volume = {99},
   pages = {19-33},
   ISSN = {0045-6535},
   year = {2014},
   type = {Journal Article}
}

@article{Alhashimi2017,
   author = {Alhashimi, Hashim A and Aktas, Can B},
   title = {Life cycle environmental and economic performance of biochar compared with activated carbon: a meta-analysis},
   journal = {Resources, Conservation and Recycling},
   volume = {118},
   pages = {13-26},
   ISSN = {0921-3449},
   year = {2017},
   type = {Journal Article}
}

@article{Figueiredo2018,
   author = {Figueiredo, Cícero and Lopes, Heyder and Coser, Thais and Vale, Ailton and Busato, Jader and Aguiar, Natália and Novotny, Etelvino and Canellas, Luciano},
   title = {Influence of pyrolysis temperature on chemical and physical properties of biochar from sewage sludge},
   journal = {Archives of Agronomy and Soil Science},
   volume = {64},
   number = {6},
   pages = {881-889},
   ISSN = {0365-0340},
   year = {2018},
   type = {Journal Article}
}

@article{Li2019,
   author = {Li, Longcheng and Zou, Dongsheng and Xiao, Zhihua and Zeng, Xinyi and Zhang, Liqing and Jiang, Longbo and Wang, Andong and Ge, Dabing and Zhang, Guolin and Liu, Fen},
   title = {Biochar as a sorbent for emerging contaminants enables improvements in waste management and sustainable resource use},
   journal = {Journal of Cleaner Production},
   volume = {210},
   pages = {1324-1342},
   ISSN = {0959-6526},
   year = {2019},
   type = {Journal Article}
}

@article{Cantrell2012,
   author = {Cantrell, Keri B and Hunt, Patrick G and Uchimiya, Minori and Novak, Jeffrey M and Ro, Kyoung S},
   title = {Impact of pyrolysis temperature and manure source on physicochemical characteristics of biochar},
   journal = {Bioresource technology},
   volume = {107},
   pages = {419-428},
   ISSN = {0960-8524},
   year = {2012},
   type = {Journal Article}
}

@article{Cornelissen2005,
   author = {Cornelissen, Gerard and Gustafsson, {\"o}rjan and Bucheli, Thomas D and Jonker, Michiel TO and Koelmans, Albert A and van Noort, Paul CM},
   title = {Extensive sorption of organic compounds to black carbon, coal, and kerogen in sediments and soils: mechanisms and consequences for distribution, bioaccumulation, and biodegradation},
   journal = {Environmental science \& technology},
   volume = {39},
   number = {18},
   pages = {6881-6895},
   ISSN = {0013-936X},
   year = {2005},
   type = {Journal Article}
}

@article{Enders2012,
   author = {Enders, Akio and Hanley, Kelly and Whitman, Thea and Joseph, Stephen and Lehmann, Johannes},
   title = {Characterization of biochars to evaluate recalcitrance and agronomic performance},
   journal = {Bioresource Technology},
   volume = {114},
   pages = {644-653},
   ISSN = {0960-8524},
   DOI = {10.1016/j.biortech.2012.03.022},
   url = {https://dx.doi.org/10.1016/j.biortech.2012.03.022},
   year = {2012},
   type = {Journal Article}
}

@article{Hale2011,
   author = {Hale, Sarah E and Hanley, Kelly and Lehmann, Johannes and Zimmerman, Andrew R and Cornelissen, Gerard},
   title = {Effects of chemical, biological, and physical aging as well as soil addition on the sorption of pyrene to activated carbon and biochar},
   journal = {Environmental science \& technology},
   volume = {45},
   number = {24},
   pages = {10445-10453},
   ISSN = {0013-936X},
   year = {2011},
   type = {Journal Article}
}

@article{Hale2016,
   author = {Hale, Sarah E and Arp, Hans Peter H and Kupryianchyk, Darya and Cornelissen, Gerard},
   title = {A synthesis of parameters related to the binding of neutral organic compounds to charcoal},
   journal = {Chemosphere},
   volume = {144},
   pages = {65-74},
   ISSN = {0045-6535},
   year = {2016},
   type = {Journal Article}
}

@article{Khiari2004,
   author = {Khiari, B. and Marias, F. and Zagrouba, F. and Vaxelaire, J.},
   title = {Analytical study of the pyrolysis process in a wastewater treatment pilot station},
   journal = {Desalination},
   volume = {167},
   pages = {39-47},
   ISSN = {0011-9164},
   DOI = {10.1016/j.desal.2004.06.111},
   url = {https://dx.doi.org/10.1016/j.desal.2004.06.111},
   year = {2004},
   type = {Journal Article}
}

@article{kupryianchyk2016biochar,
  title={Sorption of hydrophobic organic compounds to a diverse suite of carbonaceous materials with emphasis on biochar},
  author={Kupryianchyk, Darya and Hale, Sarah and Zimmerman, Andrew R. and Harvey, Omar and Rutherford, David and Abiven, Samuel and Knicker, Heike and Schmidt, Hans-Peter and Pumpel, Cornelia and Cornelissen, Gerard},
  journal={Chemosphere},
  volume={144},
  pages={879--887},
  year={2016},
  publisher={Elsevier}
}

@article{Kupryianchyk2016b,
   author = {Kupryianchyk, Darya and Hale, Sarah E. and Breedveld, Gijs D. and Cornelissen, Gerard},
   title = {Treatment of sites contaminated with perfluorinated compounds using biochar amendment},
   journal = {Chemosphere},
   volume = {142},
   pages = {35-40},
   ISSN = {0045-6535},
   DOI = {10.1016/j.chemosphere.2015.04.085},
   url = {https://dx.doi.org/10.1016/j.chemosphere.2015.04.085},
   year = {2016},
   type = {Journal Article}
}

@article{Nguyen2020,
   author = {Nguyen, Thi Minh Hong and Bräunig, Jennifer and Thompson, Kristie and Thompson, Jack and Kabiri, Shervin and Navarro, Divina A and Kookana, Rai S and Grimison, Charles and Barnes, Craig M and Higgins, Christopher P},
   title = {Influences of chemical properties, soil properties, and solution pH on soil–water partitioning coefficients of per-and polyfluoroalkyl substances (PFASs)},
   journal = {Environmental Science \& Technology},
   volume = {54},
   number = {24},
   pages = {15883-15892},
   ISSN = {0013-936X},
   year = {2020},
   type = {Journal Article}
}

@article{Sormo2021,
   author = {S{\o}rmo, Erlend and Silvani, Ludovica and Bjerkli, Nora and Hagemann, Nikolas and Zimmerman, Andrew R and Hale, Sarah E and Hansen, Caroline B and Hartnik, Thomas and Cornelissen, Gerard},
   title = {Stabilization of PFAS-contaminated soil with activated biochar},
   journal = {Science of the Total Environment},
   volume = {763},
   pages = {144034},
   ISSN = {0048-9697},
   year = {2021},
   type = {Journal Article}
}

@article{Xiao2017,
   author = {Xiao, Xin and Ulrich, Bridget A and Chen, Baoliang and Higgins, Christopher P},
   title = {Sorption of poly-and perfluoroalkyl substances (PFASs) relevant to aqueous film-forming foam (AFFF)-impacted groundwater by biochars and activated carbon},
   journal = {Environmental science \& technology},
   volume = {51},
   number = {11},
   pages = {6342-6351},
   ISSN = {0013-936X},
   year = {2017},
   type = {Journal Article}
}

@article{XiaoSI2017,
   author = {Xiao, Xin and Ulrich, Bridget A and Chen, Baoliang and Higgins, Christopher P},
   title = {Supporting Information for “Sorption of Poly-and Perfluoroalkyl substances (PFASs) relevant to Aqueous Film Forming Foam (AFFF)-impacted Groundwater by Biochars and Activated Carbon”},
   year = {2017},
   type = {Journal Article},
   journal = {Environmental science \& technology}
}

@article{Cornelissen2011Capping,
  title={Remediation of contaminated marine sediment using thin-layer capping with activated carbon: a field experiment in Trondheim Harbor, Norway},
  author={Cornelissen, Gerard and Elmquist Krus\aa, Marie and Breedveld, Gijs D and Eek, Espen and Oen, Amy MP and Arp, Hans Peter H and Raymond, Caroline and Samuelsson, Göran and Hedman, Jenny E and Stokland, {\O}ystein and others},
  journal={Environmental science \& technology},
  volume={45},
  number={14},
  pages={6110--6116},
  year={2011},
  publisher={ACS Publications}
}

@article{schroder2010,
  title={Biological wastewater treatment followed by physicochemical treatment for the removal of fluorinated surfactants},
  author={Schr{\"o}der, H Fr and Jose, HJ and Gebhardt, W and Moreira, RFPM and Pinnekamp, J},
  journal={Water Science and Technology},
  volume={61},
  number={12},
  pages={3208--3215},
  year={2010},
  publisher={IWA Publishing}
}

@article{kwon2005,
  title={Effect of natural organic substances on the surface and adsorptive properties of environmental black carbon (char): pseudo pore blockage by model lipid components and its implications for N2-probed surface properties of natural sorbents},
  author={Kwon, Seokjoon and Pignatello, Joseph J},
  journal={Environmental science \& technology},
  volume={39},
  number={20},
  pages={7932--7939},
  year={2005},
  publisher={ACS Publications}
}

@article{higgins2006sorption,
  title={Sorption of perfluorinated surfactants on sediments},
  author={Higgins, Christopher P and Luthy, Richard G},
  journal={Environmental science \& technology},
  volume={40},
  number={23},
  pages={7251--7256},
  year={2006},
  publisher={ACS Publications}
}

@article{zhang2013sorption,
  title={Sorption of short-and long-chain perfluoroalkyl surfactants on sewage sludges},
  author={Zhang, Chaojie and Yan, Hong and Li, Fei and Hu, Xiang and Zhou, Qi},
  journal={Journal of hazardous materials},
  volume={260},
  pages={689--699},
  year={2013},
  publisher={Elsevier}
}

@article{guelfo2013,
  title={Subsurface transport potential of perfluoroalkyl acids at aqueous film-forming foam (AFFF)-impacted sites},
  author={Guelfo, Jennifer L and Higgins, Christopher P},
  journal={Environmental science \& technology},
  volume={47},
  number={9},
  pages={4164--4171},
  year={2013},
  publisher={ACS Publications}
}

@article{silvani2019can,
  title={Can biochar and designer biochar be used to remediate per-and polyfluorinated alkyl substances (PFAS) and lead and antimony contaminated soils?},
  author={Silvani, Ludovica and Cornelissen, Gerard and Smebye, Andreas Botnen and Zhang, Yaxin and Okkenhaug, Gudny and Zimmerman, Andrew R and Thune, Gorm and Saevarsson, Hilmar and Hale, Sarah E},
  journal={Science of the Total Environment},
  volume={694},
  pages={133693},
  year={2019},
  publisher={Elsevier}
}

@article{zhang2021sorption,
  title={Sorption of perfluoroalkylated substances (PFASs) onto granular activated carbon and biochar},
  author={Zhang, Dongqing and He, Qiaochong and Wang, Mo and Zhang, Weilan and Liang, Yanna},
  journal={Environmental technology},
  volume={42},
  number={12},
  pages={1798--1809},
  year={2021},
  publisher={Taylor \& Francis}
}

@article{arvaniti2014sorption,
  title={Sorption of perfluorinated compounds onto different types of sewage sludge and assessment of its importance during wastewater treatment},
  author={Arvaniti, Olga S and Andersen, Henrik R and Thomaidis, Nikolaos S and Stasinakis, Athanasios S},
  journal={Chemosphere},
  volume={111},
  pages={405--411},
  year={2014},
  publisher={Elsevier}
}

@article{arvaniti2015review,
  title={Review on the occurrence, fate and removal of perfluorinated compounds during wastewater treatment},
  author={Arvaniti, Olga S and Stasinakis, Athanasios S},
  journal={Science of the Total Environment},
  volume={524},
  pages={81--92},
  year={2015},
  publisher={Elsevier}
}

@article{hansen2010sorption,
  title={Sorption of perfluorinated compounds from contaminated water to activated carbon},
  author={Hansen, Mona C and B{\o}rresen, Marion H and Schlabach, Martin and Cornelissen, Gerard},
  journal={Journal of Soils and Sediments},
  volume={10},
  number={2},
  pages={179--185},
  year={2010},
  publisher={Springer}
}

@article{deng2010removal,
  title={Removal of perfluorooctane sulfonate from wastewater by anion exchange resins: Effects of resin properties and solution chemistry},
  author={Deng, Shubo and Yu, Qiang and Huang, Jun and Yu, Gang},
  journal={Water Research},
  volume={44},
  number={18},
  pages={5188--5195},
  year={2010},
  publisher={Elsevier}
}

@article{sajjadi2019comprehensive,
  title={A comprehensive review on physical activation of biochar for energy and environmental applications},
  author={Sajjadi, Baharak and Chen, Wei-Yin and Egiebor, Nosa O},
  journal={Reviews in Chemical Engineering},
  volume={35},
  number={6},
  pages={735--776},
  year={2019},
  publisher={De Gruyter}
}

@article{yu2009sorption,
  title={Sorption of perfluorooctane sulfonate and perfluorooctanoate on activated carbons and resin: kinetic and isotherm study},
  author={Yu, Qiang and Zhang, Ruiqi and Deng, Shubo and Huang, Jun and Yu, Gang},
  journal={Water research},
  volume={43},
  number={4},
  pages={1150--1158},
  year={2009},
  publisher={Elsevier}
}

@incollection{rouquerol1994PSD,
  title={Guidelines for the characterization of porous solids},
  author={Rouquerol, J and Avnir, D and Everett, DH and Fairbridge, C and Haynes, M and Pernicone, N and Ramsay, JDF and Sing, KSW and Unger, KK},
  booktitle={Studies in surface science and catalysis},
  volume={87},
  pages={1--9},
  year={1994},
  publisher={Elsevier}
}

@article{bardestani2019experimental,
  title={Experimental methods in chemical engineering: specific surface area and pore size distribution measurements—BET, BJH, and DFT},
  author={Bardestani, Raoof and Patience, Gregory S and Kaliaguine, Serge},
  journal={The Canadian Journal of Chemical Engineering},
  volume={97},
  number={11},
  pages={2781--2791},
  year={2019},
  publisher={Wiley Online Library}
}

@article{presser2011SAPV,
  title={Effect of pore size on carbon dioxide sorption by carbide derived carbon},
  author={Presser, Volker and McDonough, John and Yeon, Sun-Hwa and Gogotsi, Yury},
  journal={Energy \& Environmental Science},
  volume={4},
  number={8},
  pages={3059--3066},
  year={2011},
  publisher={Royal Society of Chemistry}
}

@article{chun2004compositions,
  title={Compositions and sorptive properties of crop residue-derived chars},
  author={Chun, Yuan and Sheng, Guangyao and Chiou, Cary T and Xing, Baoshan},
  journal={Environmental science \& technology},
  volume={38},
  number={17},
  pages={4649--4655},
  year={2004},
  publisher={ACS Publications}
}

@article{xiao2011effects,
  title={Effects of monovalent cations on the competitive adsorption of perfluoroalkyl acids by kaolinite: experimental studies and modeling},
  author={Xiao, Feng and Zhang, Xiangru and Penn, Lee and Gulliver, John S and Simcik, Matt F},
  journal={Environmental science \& technology},
  volume={45},
  number={23},
  pages={10028--10035},
  year={2011},
  publisher={ACS Publications}
}

@article{hagemann2018activated,
  title={Activated carbon, biochar and charcoal: linkages and synergies across pyrogenic carbon’s ABCs},
  author={Hagemann, Nikolas and Spokas, Kurt and Schmidt, Hans-Peter and K{\"a}gi, Ralf and B{\"o}hler, Marc Anton and Bucheli, Thomas D},
  journal={Water},
  volume={10},
  number={2},
  pages={182},
  year={2018},
  publisher={Multidisciplinary Digital Publishing Institute}
}

@article{leng2021overview,
  title={An overview on engineering the surface area and porosity of biochar},
  author={Leng, Lijian and Xiong, Qin and Yang, Lihong and Li, Hui and Zhou, Yaoyu and Zhang, Weijin and Jiang, Shaojian and Li, Hailong and Huang, Huajun},
  journal={Science of the Total Environment},
  volume={763},
  pages={144204},
  year={2021},
  publisher={Elsevier}
}

@article{mohajerani2020microplastics,
  title={Microplastics and pollutants in biosolids have contaminated agricultural soils: An analytical study and a proposal to cease the use of biosolids in farmlands and utilise them in sustainable bricks},
  author={Mohajerani, Abbas and Karabatak, Bojana},
  journal={Waste Management},
  volume={107},
  pages={252--265},
  year={2020},
  publisher={Elsevier}
}

@article{mcnamara2016pyrolysis,
  title={Pyrolysis of dried wastewater biosolids can be energy positive},
  author={McNamara, Patrick J and Koch, Jon D and Liu, Zhongzhe and Zitomer, Daniel H},
  journal={Water Environment Research},
  volume={88},
  number={9},
  pages={804--810},
  year={2016},
  publisher={Wiley Online Library}
}

@article{smith2016soil,
  title={Soil carbon sequestration and biochar as negative emission technologies},
  author={Smith, Pete},
  journal={Global change biology},
  volume={22},
  number={3},
  pages={1315--1324},
  year={2016},
  publisher={Wiley Online Library}
}

@article{van2010effects,
  title={Effects of biochar from slow pyrolysis of papermill waste on agronomic performance and soil fertility},
  author={Van Zwieten, Lukas and Kimber, S and Morris, S and Chan, KY and Downie, A and Rust, J and Joseph, S and Cowie, Annette},
  journal={Plant and soil},
  volume={327},
  number={1},
  pages={235--246},
  year={2010},
  publisher={Springer}
}

@article{fathianpour2018lead,
  title={Lead and zinc stabilization of soil using sewage sludge biochar: optimization through response surface methodology},
  author={Fathianpour, Azin and Taheriyoun, Masoud and Soleimani, Mohsen},
  journal={CLEAN--Soil, Air, Water},
  volume={46},
  number={5},
  pages={1700429},
  year={2018},
  publisher={Wiley Online Library}
}

@article{wang2019preparation,
  title={Preparation, modification and environmental application of biochar: a review},
  author={Wang, Jianlong and Wang, Shizong},
  journal={Journal of Cleaner Production},
  volume={227},
  pages={1002--1022},
  year={2019},
  publisher={Elsevier}
}

@inproceedings{lam2017adsorption,
  title={Adsorption of trimethyltin, arsenic and zinc by palm oil mill sludge biochar prepared by microwave},
  author={Lam, Goh Ching and Sum, Klinsmann Ng Weng and Bashir, MJK and Sethupathi, Sumathi},
  booktitle={AIP Conference Proceedings},
  volume={1828},
  pages={020030},
  year={2017},
  organization={AIP Publishing LLC}
}

@article{fabregat2022examining,
  title={Examining sorption of perfluoroalkyl substances (PFAS) in biochars and other carbon-rich materials},
  author={Fabregat-Palau, Joel and Vidal, Miquel and Rigol, Anna},
  journal={Chemosphere},
  pages={134733},
  year={2022},
  publisher={Elsevier}
}

@article{saeidi2020understanding,
  title={Understanding the effect of carbon surface chemistry on adsorption of perfluorinated alkyl substances},
  author={Saeidi, Navid and Kopinke, Frank-Dieter and Georgi, Anett},
  journal={Chemical Engineering Journal},
  volume={381},
  pages={122689},
  year={2020},
  publisher={Elsevier}
}

@article{fabregat2021modelling,
  title={Modelling the sorption behaviour of perfluoroalkyl carboxylates and perfluoroalkane sulfonates in soils},
  author={Fabregat-Palau, Joel and Vidal, Miquel and Rigol, Anna},
  journal={Science of The Total Environment},
  volume={801},
  pages={149343},
  year={2021},
  publisher={Elsevier}
}

@article{lian2012adsorptive,
  title={Adsorptive removal of hydrophobic organic compounds by carbonaceous adsorbents: A comparative study of waste-polymer-based, coal-based activated carbon, and carbon nanotubes},
  author={Lian, Fei and Chang, Chun and Du, Yang and Zhu, Lingyan and Xing, Baoshan and Liu, Chang},
  journal={Journal of Environmental Sciences},
  volume={24},
  number={9},
  pages={1549--1558},
  year={2012},
  publisher={Elsevier}
}

@article{ren2018sorption,
  title={Sorption, transport and biodegradation--an insight into bioavailability of persistent organic pollutants in soil},
  author={Ren, Xiaoya and Zeng, Guangming and Tang, Lin and Wang, Jingjing and Wan, Jia and Liu, Yani and Yu, Jiangfang and Yi, Huan and Ye, Shujing and Deng, Rui},
  journal={Science of the total environment},
  volume={610},
  pages={1154--1163},
  year={2018},
  publisher={Elsevier}
}

@article{siriwardena2019influence,
  title={Influence of groundwater conditions and co-contaminants on sorption of perfluoroalkyl compounds on granular activated carbon},
  author={Siriwardena, Dinusha P and Crimi, Michelle and Holsen, Thomas M and Bellona, Christopher and Divine, Craig and Dickenson, Eric},
  journal={Remediation Journal},
  volume={29},
  number={3},
  pages={5--15},
  year={2019},
  publisher={Wiley Online Library}
}