@book{Tindall2017,
  title={Sacred soil: biochar and the regeneration of the earth},
  author={Tindall, Robert and Apffel-Marglin, Fr{\'e}d{\'e}rique and Shearer, David},
  year={2017},
  publisher={North Atlantic Books}
}

@article{Retan1915,
  title={Charcoal as a means of solving some nursery problems},
  author={Retan, George A},
  journal={Journal of Forestry},
  volume={13},
  number={1},
  pages={25--30},
  year={1915},
  publisher={Oxford University Press}
}
  
@article{Laird2008,
   author = {Laird, David A.},
   title = {The Charcoal Vision: A Win–Win–Win Scenario for Simultaneously Producing Bioenergy, Permanently Sequestering Carbon, while Improving Soil and Water Quality},
   journal = {Agronomy Journal},
   volume = {100},
   number = {1},
   pages = {178-181},
   ISSN = {0002-1962},
   DOI = {10.2134/agronj2007.0161},
   url = {https://dx.doi.org/10.2134/agronj2007.0161},
   year = {2008},
   type = {Journal Article}
}

@book{LehmannAndJoseph2015,
  title={Biochar for environmental management: science, technology and implementation},
  author={Lehmann, Johannes and Joseph, Stephen},
  year={2015},
  publisher={Routledge}
}

@article{li2018,
  title={A critical analysis of published data to discern the role of soil and sediment properties in determining sorption of per and polyfluoroalkyl substances (PFASs)},
  author={Li, Yasong and Oliver, Danielle P and Kookana, Rai S},
  journal={Science of the Total Environment},
  volume={628},
  pages={110--120},
  year={2018},
  publisher={Elsevier}
}
  
@article{du2014adsorption,
  title={Adsorption behavior and mechanism of perfluorinated compounds on various adsorbents—A review},
  author={Du, Ziwen and Deng, Shubo and Bei, Yue and Huang, Qian and Wang, Bin and Huang, Jun and Yu, Gang},
  journal={Journal of hazardous materials},
  volume={274},
  pages={443--454},
  year={2014},
  publisher={Elsevier}
}
  
@inbook{vanloon2017Ch14,
  title={Environmental chemistry: a global perspective},
  chapter={Chapter 14: Environmental chemistry of colloids and surfaces},
  author={VanLoon, Gary W and Duffy, Stephen J},
  year={2017},
  publisher={Oxford university press}
}

@article{revellame2020adsorption,
  title={Adsorption kinetic modeling using pseudo-first order and pseudo-second order rate laws: A review},
  author={Revellame, Emmanuel D and Fortela, Dhan Lord and Sharp, Wayne and Hernandez, Rafael and Zappi, Mark E},
  journal={Cleaner Engineering and Technology},
  volume={1},
  pages={100032},
  year={2020},
  publisher={Elsevier}
}

@article{ho1999pseudo,
  title={Pseudo-second order model for sorption processes},
  author={Ho, Yuh-Shan and McKay, Gordon},
  journal={Process biochemistry},
  volume={34},
  number={5},
  pages={451--465},
  year={1999},
  publisher={Elsevier}
}

@book{bonelli2020nanomaterials,
  title={Nanomaterials for the detection and removal of wastewater pollutants},
  author={Bonelli, Barbara and Freyria, Francesca S and Rossetti, Ilenia and Sethi, Rajandrea},
  year={2020},
  publisher={Elsevier}
}

@article{huang2022comparative,
  title={Comparative life-cycle assessment of pyrolysis processes for producing bio-oil, biochar, and activated carbon from sewage sludge},
  author={Huang, Carol and Mohamed, Badr A and Li, Loretta Y},
  journal={Resources, Conservation and Recycling},
  volume={181},
  pages={106273},
  year={2022},
  publisher={Elsevier}
}

@article{karaosmanoǧlu2000biochar,
  title={Biochar from the straw-stalk of rapeseed plant},
  author={Karaosmanoǧlu, Filiz and I{\c{s}}{\i}ḡ{\i}g{\"u}r-Erg{\"u}denler, Asl{\i} and Sever, Ayd{\i}n},
  journal={Energy \& Fuels},
  volume={14},
  number={2},
  pages={336--339},
  year={2000},
  publisher={ACS Publications}
}

@article{beesley2011review,
  title={A review of biochars’ potential role in the remediation, revegetation and restoration of contaminated soils},
  author={Beesley, Luke and Moreno-Jim{\'e}nez, Eduardo and Gomez-Eyles, Jose L and Harris, Eva and Robinson, Brett and Sizmur, Tom},
  journal={Environmental pollution},
  volume={159},
  number={12},
  pages={3269--3282},
  year={2011},
  publisher={Elsevier}
}

@article{propp2021organic,
  title={Organic contaminants of emerging concern in leachate of historic municipal landfills},
  author={Propp, Victoria R and De Silva, Amila O and Spencer, Christine and Brown, Susan J and Catingan, Sara D and Smith, James E and Roy, James W},
  journal={Environmental Pollution},
  volume={276},
  pages={116474},
  year={2021},
  publisher={Elsevier}
}