@article{Koelmans2009,
   author = {Koelmans, Albert A and Meulman, Brendo and Meijer, Thijs and Jonker, Michiel TO},
   title = {Attenuation of polychlorinated biphenyl sorption to charcoal by humic acids},
   journal = {Environmental science & technology},
   volume = {43},
   number = {3},
   pages = {736-742},
   ISSN = {0013-936X},
   year = {2009},
   type = {Journal Article}
}

@article{Cornelissen2006,
   author = {Cornelissen, Gerard and Gustafsson, \"{o}rjan},
   title = {Effects of added PAHs and precipitated humic acid coatings on phenanthrene sorption to environmental black carbon},
   journal = {Environmental Pollution},
   volume = {141},
   number = {3},
   pages = {526-531},
   ISSN = {0269-7491},
   year = {2006},
   type = {Journal Article}
}

@article{Sorengard2019,
   author = {Sorengard, M and Kleja, Dan Berggren and Ahrens, Lutz},
   title = {Stabilization of per-and polyfluoroalkyl substances (PFASs) with colloidal activated carbon (PlumeStop®) as a function of soil clay and organic matter content},
   journal = {Journal of environmental management},
   volume = {249},
   pages = {109345},
   ISSN = {0301-4797},
   year = {2019},
   type = {Journal Article}
}

@article{Sorengard2020syringe,
   author = {Sörengård, Mattias and Franke, Vera and Tröger, Rikard and Ahrens, Lutz},
   title = {Losses of poly-and perfluoroalkyl substances to syringe filter materials},
   journal = {Journal of Chromatography A},
   volume = {1609},
   pages = {460430},
   ISSN = {0021-9673},
   year = {2020},
   type = {Journal Article}
}

@article{Sorengard2020,
   author = {Sörengård, Mattias and Östblom, Erik and Köhler, Stephan and Ahrens, Lutz},
   title = {Adsorption behavior of per-and polyfluoralkyl substances (PFASs) to 44 inorganic and organic sorbents and use of dyes as proxies for PFAS sorption},
   journal = {Journal of Environmental Chemical Engineering},
   volume = {8},
   number = {3},
   pages = {103744},
   ISSN = {2213-3437},
   year = {2020},
   type = {Journal Article}
}

@article{Teixido2013,
   author = {Teixido, Marc and Hurtado, Carles and Pignatello, Joseph J and Beltrán, José L and Granados, Mercè and Peccia, Jordan},
   title = {Predicting contaminant adsorption in black carbon (biochar)-amended soil for the veterinary antimicrobial sulfamethazine},
   journal = {Environmental science \& technology},
   volume = {47},
   number = {12},
   pages = {6197-6205},
   ISSN = {0013-936X},
   year = {2013},
   type = {Journal Article}
}

@article{bhhatarai2011,
  title={Prediction of aqueous solubility, vapor pressure and critical micelle concentration for aquatic partitioning of perfluorinated chemicals},
  author={Bhhatarai, Barun and Gramatica, Paola},
  journal={Environmental science \& technology},
  volume={45},
  number={19},
  pages={8120--8128},
  year={2011},
  publisher={ACS Publications}
}

@article{Hale2017fire,
  title={Sorbent amendment as a remediation strategy to reduce PFAS mobility and leaching in a contaminated sandy soil from a Norwegian firefighting training facility},
  author={Hale, Sarah E and Arp, Hans Peter H and Slinde, G{\o}ril Aasen and Wade, Emma Jane and Bj{\o}rseth, Kamilla and Breedveld, Gijs D and Straith, Bengt Fredrik and Moe, Kamilla Grotthing and Jartun, Morten and H{\o}is{\ae}ter, {\AA}se},
  journal={Chemosphere},
  volume={171},
  pages={9--18},
  year={2017},
  publisher={Elsevier}
}

@article{Zama2018,
  title={Advances in research on the use of biochar in soil for remediation: a review},
  author={Zama, Eric F and Reid, Brian J and Arp, Hans Peter H and Sun, Guo-Xin and Yuan, Hai-Yan and Zhu, Yong-Guan},
  journal={Journal of Soils and Sediments},
  volume={18},
  number={7},
  pages={2433--2450},
  year={2018},
  publisher={Springer}
}

@article{Werner2006,
  title={Modeling polychlorinated biphenyl mass transfer after amendment of contaminated sediment with activated carbon},
  author={Werner, David and Ghosh, Upal and Luthy, Richard G},
  journal={Environmental science \& technology},
  volume={40},
  number={13},
  pages={4211--4218},
  year={2006},
  publisher={ACS Publications}
}

@article{amstaetter2012,
  title={Sorption of PAHs and PCBs to activated carbon: coal versus biomass-based quality},
  author={Amstaetter, Katja and Eek, Espen and Cornelissen, Gerard},
  journal={Chemosphere},
  volume={87},
  number={5},
  pages={573--578},
  year={2012},
  publisher={Elsevier}
}

@article{pereira2018sorption,
  title={Sorption of perfluoroalkyl substances (PFASs) to an organic soil horizon--Effect of cation composition and pH},
  author={Pereira, Hugo Campos and Ullberg, Malin and Kleja, Dan Berggren and Gustafsson, Jon Petter and Ahrens, Lutz},
  journal={Chemosphere},
  volume={207},
  pages={183--191},
  year={2018},
  publisher={Elsevier}
}

@article{yin2022insights,
  title={Insights into the effects of salinity on the sorption and desorption of legacy and emerging per-and polyfluoroalkyl substances (PFASs) on marine sediments},
  author={Yin, Chao and Pan, Chang-Gui and Xiao, Shao-Ke and Wu, Qi and Tan, Hong-Ming and Yu, Kefu},
  journal={Environmental Pollution},
  volume={300},
  pages={118957},
  year={2022},
  publisher={Elsevier}
}

@article{ahmed2020per,
  title={Per-and polyfluoroalkyl substances in soil and sediments: Occurrence, fate, remediation and future outlook},
  author={Ahmed, MB and Johir, MAH and McLaughlan, Robert and Nguyen, Luong N and Xu, Bentuo and Nghiem, Long D},
  journal={Science of the Total Environment},
  volume={748},
  pages={141251},
  year={2020},
  publisher={Elsevier}
}

@article{kluvcakova2018size,
  title={Size and charge evaluation of standard humic and fulvic acids as crucial factors to determine their environmental behavior and impact},
  author={Klu{\v{c}}{\'a}kov{\'a}, Martina},
  journal={Frontiers in chemistry},
  volume={6},
  pages={235},
  year={2018},
  publisher={Frontiers}
}

@article{zhou2010sorption,
  title={Sorption of perfluorooctane sulfonate and perfluorooctanoate on activated sludge},
  author={Zhou, Qin and Deng, Shubo and Zhang, Qiaoying and Fan, Qing and Huang, Jun and Yu, Gang},
  journal={Chemosphere},
  volume={81},
  number={4},
  pages={453--458},
  year={2010},
  publisher={Elsevier}
}

@article{rankin2016north,
  title={A North American and global survey of perfluoroalkyl substances in surface soils: Distribution patterns and mode of occurrence},
  author={Rankin, Keegan and Mabury, Scott A and Jenkins, Thomas M and Washington, John W},
  journal={Chemosphere},
  volume={161},
  pages={333--341},
  year={2016},
  publisher={Elsevier}
}

@article{zareitalabad2013perfluorooctanoic,
  title={Perfluorooctanoic acid (PFOA) and perfluorooctanesulfonic acid (PFOS) in surface waters, sediments, soils and wastewater--A review on concentrations and distribution coefficients},
  author={Zareitalabad, P and Siemens, J and Hamer, M and Amelung, W},
  journal={Chemosphere},
  volume={91},
  number={6},
  pages={725--732},
  year={2013},
  publisher={Elsevier}
}

@article{das2020application,
  title={Application of biochar in agriculture and environment, and its safety issues},
  author={Das, Shaon Kumar and Ghosh, Goutam Kumar and Avasthe, Ravikant},
  journal={Biomass Conversion and Biorefinery},
  pages={1--11},
  year={2020},
  publisher={Springer}
}

@article{mahinroosta2020review,
  title={A review of the emerging treatment technologies for PFAS contaminated soils},
  author={Mahinroosta, Reza and Senevirathna, Lalantha},
  journal={Journal of environmental management},
  volume={255},
  pages={109896},
  year={2020},
  publisher={Elsevier}
}

@article{wei2017sorption,
  title={Sorption kinetics, isotherms and mechanisms of PFOS on soils with different physicochemical properties},
  author={Wei, Changlong and Song, Xin and Wang, Qing and Hu, Zhihao},
  journal={Ecotoxicology and environmental safety},
  volume={142},
  pages={40--50},
  year={2017},
  publisher={Elsevier}
}

@article{hale2010changes,
  title={Changes in polycyclic aromatic hydrocarbon availability in River Tyne sediment following bioremediation treatments or activated carbon amendment},
  author={Hale, Sarah E and Meynet, Paola and Davenport, Russell J and Jones, D Martin and Werner, David},
  journal={Water research},
  volume={44},
  number={15},
  pages={4529--4536},
  year={2010},
  publisher={Elsevier}
}

@article{hale2009sorption,
  title={Sorption of dichlorodiphenyltrichloroethane (DDT) and its metabolites by activated carbon in clean water and sediment slurries},
  author={Hale, Sarah E and Tomaszewski, Jeanne E and Luthy, Richard G and Werner, David},
  journal={Water research},
  volume={43},
  number={17},
  pages={4336--4346},
  year={2009},
  publisher={Elsevier}
}

@article{pignatello2006effect,
  title={Effect of natural organic substances on the surface and adsorptive properties of environmental black carbon (char): attenuation of surface activity by humic and fulvic acids},
  author={Pignatello, Joseph J and Kwon, Seokjoon and Lu, Yufeung},
  journal={Environmental science \& technology},
  volume={40},
  number={24},
  pages={7757--7763},
  year={2006},
  publisher={ACS Publications}
}