@article{Steenland2010,
  title={Epidemiologic evidence on the health effects of perfluorooctanoic acid (PFOA)},
  author={Steenland, Kyle and Fletcher, Tony and Savitz, David A},
  journal={Environmental health perspectives},
  volume={118},
  number={8},
  pages={1100--1108},
  year={2010},
  publisher={National Institute of Environmental Health Sciences}
}

@article{Lehmler2005,
  title={Synthesis of environmentally relevant fluorinated surfactants—a review},
  author={Lehmler, Hans-Joachim},
  journal={Chemosphere},
  volume={58},
  number={11},
  pages={1471--1496},
  year={2005},
  publisher={Elsevier}
}

@article{Lau2007,
  title={Perfluoroalkyl acids: a review of monitoring and toxicological findings},
  author={Lau, Christopher and Anitole, Katherine and Hodes, Colette and Lai, David and Pfahles-Hutchens, Andrea and Seed, Jennifer},
  journal={Toxicological sciences},
  volume={99},
  number={2},
  pages={366--394},
  year={2007},
  publisher={Oxford University Press}
}

@misc{Nicole2013,
  title={PFOA and cancer in a highly exposed community: new findings from the C8 science panel},
  author={Nicole, Wendee},
  year={2013},
  publisher={National Institute of Environmental Health Sciences}
}

@article{Arp2006,
  title={Predicting the partitioning behavior of various highly fluorinated compounds},
  author={Arp, Hans Peter H and Niederer, Christian and Goss, Kai-Uwe},
  journal={Environmental science \& technology},
  volume={40},
  number={23},
  pages={7298--7304},
  year={2006},
  publisher={ACS Publications}
}

@misc{Reemtsma2016,
  title={Mind the Gap: Persistent and Mobile Organic Compounds---Water Contaminants That Slip Through},
  author={Reemtsma, Thorsten and Berger, Urs and Arp, Hans Peter H and Gallard, Herv{\'e} and Knepper, Thomas P and Neumann, Michael and Quintana, Jose Benito and Voogt, Pim de},
  year={2016},
  publisher={ACS Publications}
}

@article{Goss2009comment,
  title={Comment on “Experimental p K a determination for perfluorooctanoic acid (PFOA) and the potential impact of p K a concentration dependence on laboratory-measured partitioning phenomena and envrionmental modeling”},
  author={Goss, Kai-Uwe and Arp, Hans Peter H},
  journal={Environmental science \& technology},
  volume={43},
  number={13},
  pages={5150--5151},
  year={2009},
  publisher={ACS Publications}
}

@article{Morin2017flameWaste,
  title={The presence and partitioning behavior of flame retardants in waste, leachate, and air particles from Norwegian waste-handling facilities},
  author={Morin, Nicolas AO and Andersson, Patrik L and Hale, Sarah E and Arp, Hans Peter H},
  journal={Journal of Environmental Sciences},
  volume={62},
  pages={115--132},
  year={2017},
  publisher={Elsevier}
}

@article{knutsen2019leachate,
  title={Leachate emissions of short-and long-chain per-and polyfluoralkyl substances (PFASs) from various Norwegian landfills},
  author={Knutsen, Heidi and M{\ae}hlum, Trond and Haarstad, Ketil and Slinde, G{\o}ril Aasen and Arp, Hans Peter H},
  journal={Environmental Science: Processes \& Impacts},
  volume={21},
  number={11},
  pages={1970--1979},
  year={2019},
  publisher={Royal Society of Chemistry}
}

@article{langberg2021paper,
  title={Paper product production identified as the main source of per-and polyfluoroalkyl substances (PFAS) in a Norwegian lake: Source and historic emission tracking},
  author={Langberg, H{\aa}kon A and Arp, Hans Peter H and Breedveld, Gijs D and Slinde, G{\o}ril A and H{\o}iseter, {\AA}se and Gr{\o}nning, Hege M and Jartun, Morten and Rundberget, Thomas and Jenssen, Bj{\o}rn M and Hale, Sarah E},
  journal={Environmental Pollution},
  volume={273},
  pages={116259},
  year={2021},
  publisher={Elsevier}
}

@article{arito1977pyrPTFE,
  title={Pyrolysis products of polytetrafluoroethylene and polyfluoroethylenepropylene with reference to inhalation toxicity},
  author={Arito, Heihachiro and Soda, Reisuke},
  journal={The Annals of occupational hygiene},
  volume={20},
  number={3},
  pages={247--255},
  year={1977},
  publisher={Oxford University Press}
}

@misc{PFO,
  title = {CAS 307-34-6},
  URL = {https://www.sigmaaldrich.com/NO/en/sds/aldrich/359238}},
}

@misc{PFOA,
  title = {CAS 335-67-1},
  URL= {https://www.sigmaaldrich.com/NO/en/sds/sial/33824}},
}

@article{beans2021,
  title={News Feature: How “forever chemicals” might impair the immune system},
  author={Beans, Carolyn},
  journal={Proceedings of the National Academy of Sciences},
  volume={118},
  number={15},
  year={2021},
  publisher={National Acad Sciences}
}

@article{shahsavari2021,
  title={Challenges and current status of the biological treatment of PFAS-contaminated soils},
  author={Shahsavari, Esmaeil and Rouch, Duncan and Khudur, Leadin S and Thomas, Duncan and Aburto-Medina, Arturo and Ball, Andrew S},
  journal={Frontiers in Bioengineering and Biotechnology},
  pages={1493},
  year={2021},
  publisher={Frontiers}
}

@article{wang2011physchem,
  title={Using COSMOtherm to predict physicochemical properties of poly-and perfluorinated alkyl substances (PFASs)},
  author={Wang, Zhanyun and MacLeod, Matthew and Cousins, Ian T and Scheringer, Martin and Hungerb{\"u}hler, Konrad},
  journal={Environmental Chemistry},
  volume={8},
  number={4},
  pages={389--398},
  year={2011},
  publisher={CSIRO Publishing}
}

@article{wang2011SI,
  title={SI for Using COSMOtherm to predict physicochemical properties of poly-and perfluorinated alkyl substances (PFASs)},
  author={Wang, Zhanyun and MacLeod, Matthew and Cousins, Ian T and Scheringer, Martin and Hungerb{\"u}hler, Konrad},
  journal={Environmental Chemistry},
  volume={8},
  number={4},
  pages={389--398},
  year={2011SI},
  publisher={CSIRO Publishing}
}

@article{lindstrom2011,
  title={Polyfluorinated compounds: past, present, and future},
  author={Lindstrom, Andrew B and Strynar, Mark J and Libelo, E Laurence},
  journal={Environmental science \& technology},
  volume={45},
  number={19},
  pages={7954--7961},
  year={2011},
  publisher={ACS Publications}
}

@book{SPE,
  title     = "Beginner's guide to SPE - solid-phase extraction",
  author    = "Arsenault, Joseph C",
  year      = 2012,
  publisher = "Waters Corporation",
  address   = "MA, USA"
}

@article{arvaniti2014,
  title={Simultaneous determination of eighteen perfluorinated compounds in dissolved and particulate phases of wastewater, and in sewage sludge by liquid chromatography-tandem mass spectrometry},
  author={Arvaniti, Olga S and Asimakopoulos, Alexandros G and Dasenaki, Marilena E and Ventouri, Elpida I and Stasinakis, Athanasios S and Thomaidis, Nikolaos S},
  journal={Analytical Methods},
  volume={6},
  number={5},
  pages={1341--1349},
  year={2014},
  publisher={Royal Society of Chemistry}
}

@article{Lath2019labsorb,
  title={Sorption of PFOA onto different laboratory materials: Filter membranes and centrifuge tubes},
  author={Lath, Supriya and Knight, Emma R and Navarro, Divina A and Kookana, Rai S and McLaughlin, Michael J},
  journal={Chemosphere},
  volume={222},
  pages={671--678},
  year={2019},
  publisher={Elsevier}
}

@article{us2016drinking,
  title={Drinking Water Health Advisory for Perfluorooctanoic Acid (PFOA)},
  author={US EPA},
  journal={EPA Document 822-R-16-005},
  year={2016},
  publisher={Washington Office of Water}
}

@article{Ryu2021EC,
  title={Recent progress in the detection of emerging contaminants PFASs},
  author={Ryu, Heejeong and Li, Baikun and De Guise, Sylvain and McCutcheon, Jeffrey and Lei, Yu},
  journal={Journal of hazardous materials},
  volume={408},
  pages={124437},
  year={2021},
  publisher={Elsevier}
}

@article{arvaniti2012diagram,
  title={Occurrence of different classes of perfluorinated compounds in Greek wastewater treatment plants and determination of their solid--water distribution coefficients},
  author={Arvaniti, Olga S and Ventouri, Elpida I and Stasinakis, Athanasios S and Thomaidis, Nikolaos S},
  journal={Journal of hazardous materials},
  volume={239},
  pages={24--31},
  year={2012},
  publisher={Elsevier}
}

@article{inoue2012size,
  title={Unique physicochemical properties of perfluorinated compounds and their bioconcentration in common carp Cyprinus carpio L.},
  author={Inoue, Yoshiyuki and Hashizume, Naoki and Yakata, Naoaki and Murakami, Hidekazu and Suzuki, Yasuyuki and Kikushima, Erina and Otsuka, Masanori},
  journal={Archives of environmental contamination and toxicology},
  volume={62},
  number={4},
  pages={672--680},
  year={2012},
  publisher={Springer}
}

@article{sorengaard2020losses,
  title={Losses of poly-and perfluoroalkyl substances to syringe filter materials},
  author={S{\"o}reng{\aa}rd, Mattias and Franke, Vera and Tr{\"o}ger, Rikard and Ahrens, Lutz},
  journal={Journal of Chromatography A},
  volume={1609},
  pages={460430},
  year={2020},
  publisher={Elsevier}
}

@article{ding2013physicochemical,
  title={Physicochemical properties and aquatic toxicity of poly-and perfluorinated compounds},
  author={Ding, Guanghui and Peijnenburg, Willie JGM},
  journal={Critical reviews in environmental science and technology},
  volume={43},
  number={6},
  pages={598--678},
  year={2013},
  publisher={Taylor \& Francis}
}