@techreport{EC2020PFAS,
   author = {{European Commission}},
   title = {Commission staff working document: poly- and perfluoroalkyl substances (PFAS)},
   institution = {European Commission},
   year = {2020},
}

@techreport{MD2020EQS,
  Title                    = {Quality standards for water, sediment and biota – revised 2020.10.30},
  Author                   = {{Miljødirektoratet}},
  Institution              = {Miljødirektoratet},
  Year                     = {2020},
  Location                 = {Oslo, Norway},
  Number                   = {M-608},
}

@techreport{MD2016workshop,
  Title                    = {PFAS contaminated soil in Norway –report from workshop arranged by the Norwegian Environment Agency 26. november 2015},
  Author                   = {{Miljødirektoratet}},
  Institution              = {Miljødirektoratet},
  Year                     = {2016},
  Number                   = {M-622},
}

@techreport{Schlabach2017,
   author = {Schlabach, Martin and Bavel, Bert van and Lomba, Jose Antonio Baz and Borgen, Anders and Wing, Geir and Gabrielsen and Götsch, Arntraut and Halse, Anne-Karine and Hanssen, Linda and Krogseth, Ingjerd Sunde and Nikiforov, Vladimir and Nygård, Torgeir and Nizzetto, Pernilla Bohlin and Reid, Malcolm and Rostkowski, Pawel and Samanipour, Saer},
   title = {Screening Programme 2017 – AMAP Assessment Compounds},
   number = {1080-2018},
   Institution = {Miljødirektoratet},
   url = {https://www.miljodirektoratet.no/globalassets/publikasjoner/m1080/m1080.pdf},
   year = {2018},
   type = {Report}
}

@techreport{Fjeld2017,
   author = {Fjeld, Eirik and Bæk, Kine and Rundberget, Jan Thomas and Schlabach, Martin and Warner, Nicholas A.},
   title = {Environmental pollutants in large Norwegian lakes, 2016},
   number = {M-807},
   Institution = {Miljødirektoratet},
   url = {https://www.miljodirektoratet.no/globalassets/publikasjoner/m807/m807.pdf},
   year = {2017},
   type = {Report}
}

@techreport{ArpNGI,
   author = {Arp, Hans Peter and Slinde, G{\o}ri Aasen},
   title = {PFBS in the environment: monitoring and physical.chemical data related to the environmental distribution of perfluorobutanesulfonic acid},
   number = {M-1122},
   Institution = {NGI},
   url = {https://www.miljodirektoratet.no/globalassets/publikasjoner/M1122/M1122.pdf},
   year = {2018},
   type = {Report}
}

@article{AnnexXIII,
   author = {{European Commission}},
   title = {ANNEX XIII: Criteria for the identification of persistent, bioaccumulative and toxic substances, and very persistent and very bioaccumulative substances},
   journal = {Official Journal of the European Union},
   volume = {69},
   number = {253/2011},
   pages = {7-12},
   url = {https://eur-lex.europa.eu/legal-content/EN/TXT/PDF/?uri=CELEX:32011R0253&from=EN},
   year = {2011},
   type = {Journal Article}
}

@techreport{EPA2014,
  title={Emerging contaminants-perfluorooctane sulfonate (PFOS) and perfluorooctanoic acid (PFOA)},
  author={EPA},
  number={EPA 505-F-14-001},
  institution={US EPA},
  url={https://nepis.epa.gov/Exe/ZyPDF.cgi/P100LTG6.PDF?Dockey=P100LTG6.PDF},
  year={2014}
}

@techreport{ECHA2020,
  title={Annex XVII to REACH - Conditions of restriction C9-C14 linear and/or branched perfluorocarboxylic acids, their salts and C9-C14 PFCAs-related substances},
  author={ECHA},
  institution={ECHA},
  url={https://echa.europa.eu/documents/10162/2be83d1b-0e07-665e-b2d7-8aed052b2ca3},
  year={2020}
}

@article{vlaica2004exafs,
  title={EXAFS spectroscopy: a brief introduction},
  author={Vlaica, Gilberto and Olivi, Luca},
  journal={Croatica chemica acta},
  volume={77},
  number={3},
  pages={427--433},
  year={2004},
  publisher={Hrvatsko kemijsko dru{\v{s}}tvo}
}

@techreport{SDGs2015,
  title={The United Nations Sustainable Development Goals},
  author={United Nations},
  institution={United Nations},
  url={https://www.un.org/sustainabledevelopment/sustainable-development-goals/},
  year={2015}
}

@article{goldenman2017study,
  title={Study for the strategy for a non-toxic environment of the 7th EAP},
  author={Goldenman, Gretta and Pedersen, R and Bradley, H and Fernandez, M and Weber, R and Scheringer, M and Fantke, P},
  journal={Sub-study d: Very Persistent Chemicals, Milieu, Ltd, Brussels},
  year={2017}
}